@article{Ruder16,
  author    = {Sebastian Ruder},
  title     = {An overview of gradient descent optimization algorithms},
  journal   = {CoRR},
  volume    = {abs/1609.04747},
  year      = {2016},
  url       = {http://arxiv.org/abs/1609.04747},
  archivePrefix = {arXiv},
  eprint    = {1609.04747},
  timestamp = {Mon, 13 Aug 2018 16:48:10 +0200},
  biburl    = {https://dblp.org/rec/bib/journals/corr/Ruder16},
  bibsource = {dblp computer science bibliography, https://dblp.org}
}

@book{oliphant_guide_2006,
  added-at = {2014-01-19T07:05:25.000+0100},
  author = {Oliphant, Travis},
  bdsk-url-1 = {http://www.tramy.us/numpybook.pdf},
  biburl = {https://www.bibsonomy.org/bibtex/2f40296e2d792a4883b48db705291fd20/neurokernel},
  interhash = {f13bb8f9237574e5678cedd1b36c4175},
  intrahash = {f40296e2d792a4883b48db705291fd20},
  keywords = {python},
  publisher = {Trelgol Publishing},
  timestamp = {2014-01-19T07:05:25.000+0100},
  title = {Guide to {NumPy}},
  url = {http://www.tramy.us/numpybook.pdf},
  year = 2006
}

@Article{Hunter:2007,
  Author    = {Hunter, J. D.},
  Title     = {Matplotlib: A 2D graphics environment},
  Journal   = {Computing In Science \& Engineering},
  Volume    = {9},
  Number    = {3},
  Pages     = {90--95},
  abstract  = {Matplotlib is a 2D graphics package used for Python
  for application development, interactive scripting, and
  publication-quality image generation across user
  interfaces and operating systems.},
  publisher = {IEEE COMPUTER SOC},
  year      = 2007
}

@book{Mathews:1998,
 author = {Mathews, John H. and Fink, Kurtis D.},
 title = {Numerical Methods Using MATLAB},
 year = {1998},
 isbn = {0132700425},
 edition = {3rd},
 publisher = {Simon \& Schuster, Inc.},
 address = {New York, NY, USA},
} 